
@inproceedings{hu2003polyphonic,
  title={Polyphonic audio matching and alignment for music retrieval},
  author={Hu, Ning and Dannenberg, Roger B. and Tzanetakis, George},
  booktitle={IEEE Workshop on Applications of Signal Processing to Audio and Acoustics},
  pages={185--188},
  year={2003},
}

@article{ewert2012towards,
  title={Towards cross-version harmonic analysis of music},
  author={Ewert, Sebastian and M{\"u}ller, Meinard and Konz, Verena and M{\"u}llensiefen, Daniel and Wiggins, Geraint A.},
  journal={IEEE Transactions on Multimedia},
  volume={14},
  number={3},
  pages={770--782},
  year={2012},
  publisher={IEEE}
}

@inproceedings{turetsky2003ground,
  title={Ground-truth transcriptions of real music from force-aligned {MIDI} syntheses},
  author={Turetsky, Robert J. and Ellis, Daniel P. W.},
  booktitle={Proceedings of the 4th International Society for Music Information Retrieval Conference},
  pages={135--141},
  year={2003},
}

@article{ewert2014score,
  title={Score-informed source separation for musical audio recordings: An overview},
  author={Sebastian Ewert and Bryan Pardo and Meinard M{\"u}ller and Mark Plumbley},
  journal={IEEE Signal Processing Magazine},
  volume={31},
  number={3},
  pages={116--124},
  year={2014},
}

@inproceedings{raffel2015large,
  title={Large-Scale Content-Based Matching of {MIDI} and Audio Files},
  author={Raffel, Colin and Ellis, Daniel P. W.},
  year={2015},
  booktitle={Proceedings of the 16th International Society for Music Information Retrieval Conference},
  pages={234--240}
}

@inproceedings{raffel2014pretty_midi,
  title={Intuitive Analysis, Creation and Manipulation of {MIDI} Data with \texttt{pretty\char`_midi}},
  author={Raffel, Colin and Ellis, Daniel P. W.},
  year={2014},
  booktitle={15th International Society for Music Information Retrieval Conference Late Breaking and Demo Papers}
}

@inproceedings{berndt1994using,
  title={Using Dynamic Time Warping to Find Patterns in Time Series},
  author={Berndt, Donald J. and Clifford, James},
  booktitle={AAAI Workshop on Knowledge Discovery in Databases},
  volume={10},
  pages={359--370},
  year={1994}
}
#  number={16},

@article{sakoe1978dynamic,
  title={Dynamic programming algorithm optimization for spoken word recognition},
  author={Sakoe, Hiroaki and Chiba, Seibi},
  journal={IEEE Transactions on Acoustics, Speech and Signal Processing},
  volume={26},
  number={1},
  pages={43--49},
  year={1978},
  publisher={IEEE}
}

@inproceedings{grachten2013automatic,
  title={Automatic Alignment of Music Performances with Structural Differences},
  author={Grachten, Maarten and Gasser, Martin and Arzt, Andreas and Widmer, Gerhard},
  booktitle={Proceedings of the 14th International Society for Music Information Retrieval Conference},
  pages={607--612},
  year={2013}
}

@article{muller2007dynamic,
  title={Dynamic time warping},
  author={M{\"u}ller, Meinard},
  journal={Information retrieval for music and motion},
  pages={69--84},
  year={2007},
  publisher={Springer}
}

@inproceedings{ratanamahatana2004everything,
  author = {Ratanamahatana, Chotirat Ann and Keogh, Eamonn},
  booktitle = {3rd Workshop on Mining Temporal and Sequential Data},
  title = {Everything you know about dynamic time warping is wrong},
  year = {2004}
}

@inproceedings{fujishima1999realtime,
  title={Realtime chord recognition of musical sound: A system using common lisp music},
  author={Fujishima, Takuya},
  booktitle={Proceedings of the 1999 International Computer Music Conference},
  pages={464--467},
  year={1999}
}

@article{brown1991calculation,
  title={Calculation of a constant {Q} spectral transform},
  author={Brown, Judith C.},
  journal={The Journal of the Acoustical Society of America},
  volume={89},
  number={1},
  pages={425--434},
  year={1991},
  publisher={Acoustical Society of America}
}

@book{blauert1997spatial,
  title={Spatial hearing: the psychophysics of human sound localization},
  author={Blauert, Jens},
  year={1997},
  publisher={MIT press}
}

@misc{ellis2013aligning,
  author="Daniel P. W. Ellis",
  title="Aligning {MIDI} files to music audio",
  year="2013",
  howpublished="\href{http://www.ee.columbia.edu/~dpwe/resources/matlab/alignmidi/}{\texttt{http://\allowbreak www.ee.columbia.edu/\allowbreak\~{}dpwe/\allowbreak resources/\allowbreak matlab/\allowbreak alignmidi/}}"
}

@inproceedings{rakthanmanon2012searching,
  title={Searching and mining trillions of time series subsequences under dynamic time warping},
  author={Rakthanmanon, Thanawin and Campana, Bilson and Mueen, Abdullah and Batista, Gustavo and Westover, Brandon and Zhu, Qiang and Zakaria, Jesin and Keogh, Eamonn},
  booktitle={Proceedings of the 18th ACM SIGKDD international conference on Knowledge discovery and data mining},
  pages={262--270},
  year={2012}
}

@inproceedings{dixon2005match,
  title={MATCH: A Music Alignment Tool Chest},
  author={Dixon, Simon and Widmer, Gerhard},
  booktitle={Proceedings of the 6th International Society for Music Information Retrieval Conference},
  pages={492-497},
  year={2005},
}

@misc{mcfee2015librosa,
  title={\texttt{librosa}: v0.4.0},
  howpublished="\href{https://github.com/bmcfee/librosa}{\texttt{https://\allowbreak github.com/\allowbreak bmcfee/\allowbreak librosa}}",
  author={Brian McFee and Matt McVicar and Colin Raffel and Dawen Liang and Oriol Nieto and Josh Moore and Dan Ellis and Douglas Repetto and Petr Viktorin and Jo{\~a}o Felipe Santos},
  year={2015}
}

@inproceedings{snoek2012practical,
  title={Practical Bayesian optimization of machine learning algorithms},
  author={Snoek, Jasper and Larochelle, Hugo and Adams, Ryan P.},
  booktitle={Advances in Neural Information Processing Systems},
  pages={2951--2959},
  year={2012}
}

@article{kendall1938new,
  title={A new measure of rank correlation},
  author={Kendall, Maurice G},
  journal={Biometrika},
  pages={81--93},
  year={1938},
  publisher={JSTOR}
}

@inproceedings{bertin2011million,
  title={The million song dataset},
  author={Bertin-Mahieux, Thierry and Ellis, Daniel P. W. and Whitman, Brian and Lamere, Paul},
  booktitle={Proceedings of the 12th International Society for Music Information Retrieval Conference},
  pages={591--596},
  year={2011}
}

@inproceedings{mcfee2015librosa_scipy,
  title={librosa: Audio and Music Signal Analysis in Python},
  author={McFee, Brian and Raffel, Colin and Liang, Dawen and Ellis, Daniel P. W. and McVicar, Matt and Battenberg, Eric and Nieto, Oriol},
  booktitle={Proceedings of the 14th Python in Science Conference},
  year={2015}
}

@inproceedings{mcfee2015software,
  author={McFee, Brian and Humphrey, Eric J. and Bello, Juan P.},
  year={2015},
  title={A software framework for musical data augmentation},
  booktitle={16th International Society for Music Information Retrieval Conference},
}
